<?xml version="1.0" encoding="UTF-8"?><record xmlns="http://www.loc.gov/MARC21/slim" xmlns:cinclude="http://apache.org/cocoon/include/1.0" xmlns:zs="http://www.loc.gov/zing/srw/">
  <leader>00487nz  a2200133n  4500</leader>
  <controlfield tag="001">n  85325155 </controlfield>
  <controlfield tag="003">DLC</controlfield>
  <controlfield tag="005">19860530095346.9</controlfield>
  <controlfield tag="008">860523n| acannaab|          |a aaa |||  </controlfield>
  <datafield tag="010" ind1=" " ind2=" ">
    <subfield code="a">n  85325155 </subfield>
  </datafield>
  <datafield tag="040" ind1=" " ind2=" ">
    <subfield code="a">DLC</subfield>
    <subfield code="c">DLC</subfield>
    <subfield code="d">DLC</subfield>
  </datafield>
  <datafield tag="100" ind1="1" ind2="0">
    <subfield code="a">Berchtenbreiter, Angelika,</subfield>
    <subfield code="d">1953-</subfield>
  </datafield>
  <datafield tag="400" ind1="1" ind2="0">
    <subfield code="a">Weckbach, Angelika,</subfield>
    <subfield code="d">1953-</subfield>
  </datafield>
  <datafield tag="670" ind1=" " ind2=" ">
    <subfield code="a">Her KuĚndigungsschutzprobleme im kirchlichen ArbeitsverhaĚltnis, 1984:</subfield>
    <subfield code="b">t.p. (Angelika Berchtenbreiter) cover p. 4 (b. 1953; nee Weckbach; judge, Landgericht Augsburg)</subfield>
  </datafield>
</record>